<?xml version="1.0" encoding="UTF-8"?><record xmlns="http://www.loc.gov/MARC21/slim" xmlns:cinclude="http://apache.org/cocoon/include/1.0" xmlns:zs="http://www.loc.gov/zing/srw/">
  <leader>00539cz  a2200133n  4500</leader>
  <controlfield tag="001">n  88271633 </controlfield>
  <controlfield tag="003">DLC</controlfield>
  <controlfield tag="005">19890902073624.8</controlfield>
  <controlfield tag="008">890724n| acannaab|          |n aaa |||  </controlfield>
  <datafield tag="010" ind1=" " ind2=" ">
    <subfield code="a">n  88271633 </subfield>
  </datafield>
  <datafield tag="040" ind1=" " ind2=" ">
    <subfield code="a">DLC</subfield>
    <subfield code="c">DLC</subfield>
  </datafield>
  <datafield tag="100" ind1="1" ind2="0">
    <subfield code="a">Peters, John F.</subfield>
    <subfield code="q">(John Fred),</subfield>
    <subfield code="d">1935-</subfield>
  </datafield>
  <datafield tag="670" ind1=" " ind2=" ">
    <subfield code="a">Early J.D. The population dynamics of the Mucajai Yanomama, 1990:</subfield>
    <subfield code="b">CIP t.p. (John F. Peters, Wilfred Laurier Univ., Dept. of Sociology, Waterloo, Ont.)</subfield>
  </datafield>
  <datafield tag="670" ind1=" " ind2=" ">
    <subfield code="a">Phone call to Wilfred Laurier Univ., 7/13/89</subfield>
    <subfield code="b">(John Fred Peters, b. 1/16/35; Fred is not nickname)</subfield>
  </datafield>
</record>